<record><leader>00000cas a2200000 a 4500</leader><controlfield tag="001">39228058</controlfield><controlfield tag="007">hd afb021bacp</controlfield><controlfield tag="007">hd bfb021baap</controlfield><controlfield tag="007">hd bfb021babp</controlfield><controlfield tag="008">980604u1985uuuufluwr nea     0    0eng c</controlfield><datafield ind1=" " ind2=" " tag="010"><subfield code="a">sn 98026414 </subfield></datafield><datafield ind1=" " ind2=" " tag="040"><subfield code="a">FUG</subfield><subfield code="b">eng</subfield><subfield code="c">FUG</subfield><subfield code="d">OCLCQ</subfield><subfield code="d">OCLCF</subfield><subfield code="d">OCLCO</subfield><subfield code="d">OCLCQ</subfield></datafield><datafield ind1=" " ind2=" " tag="012"><subfield code="i">9806</subfield></datafield><datafield ind1=" " ind2=" " tag="037"><subfield code="b">George A. Smathers Libraries, University of Florida, Preservation Office, Gainesville, FL 32611</subfield></datafield><datafield ind1=" " ind2=" " tag="042"><subfield code="a">pcc</subfield></datafield><datafield ind1=" " ind2=" " tag="043"><subfield code="a">n-us-fl</subfield></datafield><datafield ind1="0" ind2=" " tag="130"><subfield code="a">Jensen Beach mirror (Jensen Beach, Fla. : 1985)</subfield></datafield><datafield ind1="1" ind2="4" tag="245"><subfield code="a">The Jensen Beach mirror.</subfield></datafield><datafield ind1="1" ind2="3" tag="246"><subfield code="a">Mirror</subfield></datafield><datafield ind1=" " ind2=" " tag="260"><subfield code="a">Jensen Beach, Fla. :</subfield><subfield code="b">Richard E. Campbell,</subfield><subfield code="c">1985-</subfield></datafield><datafield ind1=" " ind2=" " tag="300"><subfield code="a">volumes :</subfield><subfield code="b">illustrations ;</subfield><subfield code="c">58 cm</subfield></datafield><datafield ind1=" " ind2=" " tag="310"><subfield code="a">Weekly</subfield></datafield><datafield ind1=" " ind2=" " tag="336"><subfield code="a">text</subfield><subfield code="b">txt</subfield><subfield code="2">rdacontent</subfield></datafield><datafield ind1=" " ind2=" " tag="337"><subfield code="a">microform</subfield><subfield code="b">h</subfield><subfield code="2">rdamedia</subfield></datafield><datafield ind1=" " ind2=" " tag="338"><subfield code="a">microfilm reel</subfield><subfield code="b">hd</subfield><subfield code="2">rdacarrier</subfield></datafield><datafield ind1="0" ind2=" " tag="362"><subfield code="a">Vol. 24, no. 14 (Apr. 3, 1985)-</subfield></datafield><datafield ind1=" " ind2=" " tag="588"><subfield code="a">Latest issue consulted: Vol. 24, no. 26 (June 26, 1985).</subfield></datafield><datafield ind1=" " ind2=" " tag="533"><subfield code="a">Microfilm.</subfield><subfield code="m">v.24:no. 14-26 (Apr.-June 1985)</subfield><subfield code="b">Gainesville, FL :</subfield><subfield code="c">George A. Smathers Libraries, University of Florida,</subfield><subfield code="d">1997.</subfield><subfield code="e">1 microfilm reel ; 35 mm.</subfield></datafield><datafield ind1=" " ind2=" " tag="539"><subfield code="a">d</subfield><subfield code="b">1985</subfield><subfield code="c">1985</subfield><subfield code="d">flu</subfield><subfield code="e">u</subfield><subfield code="f">u</subfield><subfield code="g">a</subfield></datafield><datafield ind1=" " ind2="0" tag="651"><subfield code="a">Jensen Beach (Fla.)</subfield><subfield code="v">Newspapers.</subfield></datafield><datafield ind1=" " ind2="0" tag="651"><subfield code="a">Martin County (Fla.)</subfield><subfield code="v">Newspapers.</subfield></datafield><datafield ind1=" " ind2="7" tag="651"><subfield code="a">Florida</subfield><subfield code="z">Jensen Beach.</subfield><subfield code="2">fast</subfield><subfield code="0">(OCoLC)fst01215461</subfield></datafield><datafield ind1=" " ind2="7" tag="651"><subfield code="a">Florida</subfield><subfield code="z">Martin County.</subfield><subfield code="2">fast</subfield><subfield code="0">(OCoLC)fst01215463</subfield></datafield><datafield ind1=" " ind2="7" tag="655"><subfield code="a">Newspapers.</subfield><subfield code="2">fast</subfield><subfield code="0">(OCoLC)fst01423814</subfield></datafield><datafield ind1=" " ind2=" " tag="752"><subfield code="a">United States</subfield><subfield code="b">Florida</subfield><subfield code="c">Martin</subfield><subfield code="d">Jensen Beach.</subfield></datafield><datafield ind1="0" ind2=" " tag="775"><subfield code="t">Port St. Lucie Mirror (Jensen Beach, Fla.)</subfield><subfield code="w">(DLC)sn 98026411</subfield><subfield code="w">(OCoLC)39224602</subfield></datafield><datafield ind1="1" ind2=" " tag="776"><subfield code="c">Original</subfield><subfield code="w">(DLC)sn 97027678</subfield><subfield code="w">(OCoLC)36631031</subfield></datafield><datafield ind1="0" ind2="0" tag="780"><subfield code="t">Mirror (Jensen Beach, Fla. : Jensen Beach ed.)</subfield><subfield code="w">(DLC)sn 98026413</subfield><subfield code="w">(OCoLC)39228038</subfield></datafield><datafield ind1=" " ind2=" " tag="850"><subfield code="a">FU</subfield><subfield code="a">FU (master)</subfield></datafield><datafield ind1="1" ind2=" " tag="029"><subfield code="a">AU@</subfield><subfield code="b">000014032901</subfield></datafield></record>